%% This BibTeX bibliography file was created using BibDesk.
%% https://bibdesk.sourceforge.io/

%% Created for macos at 2024-08-21 09:26:53 +0800 


%% Saved with string encoding Unicode (UTF-8) 



@book{set_theory_Hao,
	author = {郝兆宽，杨跃},
	publisher = {复旦大学出版社},
	title = {集合论：对无穷概念的探索},
	year = {2014}}
